@article{bass2004comments,
  title={Comments on “a new product growth for model consumer durables the bass model”},
  author={Bass, Frank M},
  journal={Management science},
  volume={50},
  number={12\_supplement},
  pages={1833--1840},
  year={2004},
  publisher={INFORMS}
}
@article{bass1994bass,
  title={Why the Bass model fits without decision variables},
  author={Bass, Frank M and Krishnan, Trichy V and Jain, Dipak C},
  journal={Marketing science},
  volume={13},
  number={3},
  pages={203--223},
  year={1994},
  publisher={INFORMS}
}
@article{dembo1983truncated,
  title={Truncated-newtono algorithms for large-scale unconstrained optimization},
  author={Dembo, Ron S and Steihaug, Trond},
  journal={Mathematical Programming},
  volume={26},
  number={2},
  pages={190--212},
  year={1983},
  publisher={Springer}
}
@article{nash2000survey,
  title={A survey of truncated-Newton methods},
  author={Nash, Stephen G},
  journal={Journal of Computational and Applied Mathematics},
  volume={124},
  number={1},
  pages={45--59},
  year={2000},
  publisher={Elsevier}
}
@article{nash1984newton,
  title={Newton-type minimization via the Lanczos method},
  author={Nash, Stephen G},
  journal={SIAM Journal on Numerical Analysis},
  volume={21},
  number={4},
  pages={770--788},
  year={1984},
  publisher={SIAM}
}
@article{srinivasan1986technical,
  title={Technical Note-Nonlinear Least Squares Estimation of New Product Diffusion Models},
  author={Srinivasan, V and Mason, Charlotte H},
  journal={Marketing science},
  volume={5},
  number={2},
  pages={169--178},
  year={1986},
  publisher={INFORMS}
}
@article{xie1997kalman,
  title={Kalman filter estimation of new product diffusion models},
  author={Xie, Jinhong and Song, X Michael and Sirbu, Marvin and Wang, Qiong},
  journal={Journal of Marketing Research},
  pages={378--393},
  year={1997},
  publisher={JSTOR}
}
@article{schmittlein1982maximum,
  title={Maximum likelihood estimation for an innovation diffusion model of new product acceptance},
  author={Schmittlein, David C and Mahajan, Vijay},
  journal={Marketing science},
  volume={1},
  number={1},
  pages={57--78},
  year={1982},
  publisher={INFORMS}
}
@article{norton1987diffusion,
  title={A diffusion theory model of adoption and substitution for successive generations of high-technology products},
  author={Norton, John A and Bass, Frank M},
  journal={Management science},
  volume={33},
  number={9},
  pages={1069--1086},
  year={1987},
  publisher={INFORMS}
}
@article{bass1969,
  title={A new product growth for model consumer durables},
  author={Bass, Frank M},
  journal={Marketing science},
  volume={15},
  number={5},
  pages={215--227},
  year={1969}
}
@article{chen2004impact,
  title={The impact of online recommendations and consumer feedback on sales},
  author={Chen, Pei-Yu and Wu, Shin-yi and Yoon, Jungsun},
  journal={ICIS 2004 Proceedings},
  pages={58},
  year={2004}
}
@article{dellarocas2003digitization,
  title={The digitization of word of mouth: Promise and challenges of online feedback mechanisms},
  author={Dellarocas, Chrysanthos},
  journal={Management science},
  volume={49},
  number={10},
  pages={1407--1424},
  year={2003},
  publisher={INFORMS}
}
@article{duan2008online,
  title={Do online reviews matter?—An empirical investigation of panel data},
  author={Duan, Wenjing and Gu, Bin and Whinston, Andrew B},
  journal={Decision Support Systems},
  volume={45},
  number={4},
  pages={1007--1016},
  year={2008},
  publisher={Elsevier}
}
@article{dellarocas2007exploring,
  title={Exploring the value of online product reviews in forecasting sales: The case of motion pictures},
  author={Dellarocas, Chrysanthos and Zhang, Xiaoquan Michael and Awad, Neveen F},
  journal={Journal of Interactive marketing},
  volume={21},
  number={4},
  pages={23--45},
  year={2007},
  publisher={Wiley Online Library}
}
@book{bittanti1991riccati,
  title={The Riccati Equation},
  author={Bittanti, Sergio and Laub, Alan J and Willems, Jan C},
  year={1991},
  publisher={Springer-Verlag New York, Inc.}
}
@book{butcher1987numerical,
  title={The numerical analysis of ordinary differential equations: Runge-Kutta and general linear methods},
  author={Butcher, John Charles},
  year={1987},
  publisher={Wiley-Interscience}
}
@ONLINE{facebookdata,
	title={Number of active users at Facebook over the years},
	author={{The Associated Press}},
	month={May},
	year={2013},
	url={http://news.yahoo.com/number-active-users-facebook-over-230449748.html},
	urldate={2014-12-15}
}
@Misc{scipy,
  author={Eric Jones and Travis Oliphant and Pearu Peterson and others},
  title={{SciPy}: Open source scientific tools for {Python}},
  year={2001--},
  url="http://www.scipy.org/",
  note={[Online; accessed 2014-12-16]}
}
@book{rogers1962diffusion,
  title={Diffusion of innovations},
  author={Rogers, Everett M},
  edition={1st},
  year={1962},
  publisher={The Free Press, New York}
}
@article{richins1983negative,
  title={Negative word-of-mouth by dissatisfied consumers: A pilot study},
  author={Richins, Marsha L},
  journal={The journal of marketing},
  pages={68--78},
  year={1983},
  publisher={JSTOR}
}
@article{mahajan1984introduction,
  title={Introduction strategy for new products with positive and negative word-of-mouth},
  author={Mahajan, Vijay and Muller, Eitan and Kerin, Roger A},
  journal={Management Science},
  volume={30},
  number={12},
  pages={1389--1404},
  year={1984},
  publisher={INFORMS}
}
@article{bone1995word,
  title={Word-of-mouth effects on short-term and long-term product judgments},
  author={Bone, Paula Fitzgerald},
  journal={Journal of business research},
  volume={32},
  number={3},
  pages={213--223},
  year={1995},
  publisher={Elsevier}
}
@article{east2008measuring,
  title={Measuring the impact of positive and negative word of mouth on brand purchase probability},
  author={East, Robert and Hammond, Kathy and Lomax, Wendy},
  journal={International Journal of Research in Marketing},
  volume={25},
  number={3},
  pages={215--224},
  year={2008},
  publisher={Elsevier}
}
@article{anderson1998customer,
  title={Customer satisfaction and word of mouth},
  author={Anderson, Eugene W},
  journal={Journal of service research},
  volume={1},
  number={1},
  pages={5--17},
  year={1998},
  publisher={Sage Publications}
}
@article{godes2004using,
  title={Using online conversations to study word-of-mouth communication},
  author={Godes, David and Mayzlin, Dina},
  journal={Marketing science},
  volume={23},
  number={4},
  pages={545--560},
  year={2004},
  publisher={INFORMS}
}
@article{smith1995effects,
  title={The effects of integrating advertising and negative word-of-mouth communications on message processing and response},
  author={Smith, Robert E and Vogt, Christine A},
  journal={Journal of Consumer Psychology},
  volume={4},
  number={2},
  pages={133--151},
  year={1995},
  publisher={Elsevier}
}
@article{jansen2009twitter,
  title={Twitter power: Tweets as electronic word of mouth},
  author={Jansen, Bernard J and Zhang, Mimi and Sobel, Kate and Chowdury, Abdur},
  journal={Journal of the American society for information science and technology},
  volume={60},
  number={11},
  pages={2169--2188},
  year={2009},
  publisher={Wiley Online Library}
}
@article{buttle1998word,
  title={Word of mouth: understanding and managing referral marketing},
  author={Buttle, Francis A},
  journal={Journal of strategic marketing},
  volume={6},
  number={3},
  pages={241--254},
  year={1998},
  publisher={Taylor \& Francis}
}
@article{lee2009electronic,
  title={Electronic word of mouth (eWOM) How eWOM platforms influence consumer product judgement},
  author={Lee, Mira and Youn, Seounmi},
  journal={International Journal of Advertising},
  volume={28},
  number={3},
  pages={473--499},
  year={2009},
  publisher={Taylor \& Francis}
}
@article{pfeffer2014understanding,
  title={Understanding online firestorms: Negative word-of-mouth dynamics in social media networks},
  author={Pfeffer, J{\"u}rgen and Zorbach, T and Carley, KM},
  journal={Journal of Marketing Communications},
  volume={20},
  number={1-2},
  pages={117--128},
  year={2014},
  publisher={Taylor \& Francis}
}
@article{gallaugher2010social,
  title={Social media and customer dialog management at Starbucks},
  author={Gallaugher, John and Ransbotham, Sam},
  journal={MIS Quarterly Executive},
  volume={9},
  number={4},
  pages={197--212},
  year={2010}
}
@article{babic2015effect,
  title={The Effect of Electronic Word of Mouth on Sales: A Meta-Analytic Review of Platform, Product, and Metric Factors},
  author={Babic, Ana and Sotgiu, Francesca and de Valck, Kristine and Bijmolt, Tammo HA},
  journal={Journal of Marketing Research},
  year={2015},
  publisher={American Marketing Association}
}
@article{meade2006modelling,
  title={Modelling and forecasting the diffusion of innovation--A 25-year review},
  author={Meade, Nigel and Islam, Towhidul},
  journal={International Journal of forecasting},
  volume={22},
  number={3},
  pages={519--545},
  year={2006},
  publisher={Elsevier}
}
@article{peres2010innovation,
  title={Innovation diffusion and new product growth models: A critical review and research directions},
  author={Peres, Renana and Muller, Eitan and Mahajan, Vijay},
  journal={International Journal of Research in Marketing},
  volume={27},
  number={2},
  pages={91--106},
  year={2010},
  publisher={Elsevier}
}
