@article{nakamoto2008bitcoin,
  title={Bitcoin: A peer-to-peer electronic cash system},
  author={Nakamoto, Satoshi},
  year={2008},
  note={Available at \url{https://bitcoin.org/bitcoin.pdf}}
}
