@inproceedings{barber2012bitter,
  title={Bitter to better—how to make bitcoin a better currency},
  author={Barber, Simon and Boyen, Xavier and Shi, Elaine and Uzun, Ersin},
  booktitle={International Conference on Financial Cryptography and Data Security},
  pages={399--414},
  year={2012},
  organization={Springer}
}

@techreport{ozisikestimation,
  title={Estimation of Miner Hash Rates and Consensus on Blockchains},
  author={Ozisik, A Pinar and Bissias, George and Levine, Brian N},
  institution={Tech. rep., PDF available from arxiv. org and https://www. cs. umass. edu/~ brian/status-reports. pdf (June 2017)}
}

@inproceedings{dobbertin1996ripemd,
  title={RIPEMD-160: A strengthened version of RIPEMD},
  author={Dobbertin, Hans and Bosselaers, Antoon and Preneel, Bart},
  booktitle={Fast Software Encryption},
  pages={71--82},
  year={1996},
  organization={Springer}
}

@misc{dagdiscussion2014,
  author={Discussion},
  title={DAG, a generalized blockchain},
  year={2014},
  note={\url{https://nxtforum.org/proof-of-stake-algorithm/dag-a-generalized-blockchain/} (registration at \url{nxtforum.org} required)}
}
@misc{dagcoin2015,
  author={Lerner, Sergio Demian},
  title={DagCoin: a cryptocurrency without blocks},
  year={2015},
  note={Available at \url{https://bitslog.wordpress.com/2015/09/11/dagcoin/}}
}
@misc{sompolinsky2013,
  author={Sompolinsky, Yonatan and Zohar, Aviv},
  title={Accelerating Bitcoin’s Transaction Processing. Fast Money Grows on Trees, Not Chains},
  year={2013},
  note={Available at \url{https://eprint.iacr.org/2013/881.pdf}}
}
@misc{lewenberg2015,
  author={Lewenberg, Yoad and Sompolinsky, Yonatan and Zohar, Aviv},
  title={Inclusive Block Chain Protocols},
  year={2015},
  note={Available at \url{http://www.cs.huji.ac.il/~avivz/pubs/15/inclusive btc.pdf}}
}
@misc{vorick2015,
  author={Vorick, David},
  title={Getting rid of blocks},
  year={2015},
  note={Available at \url{slides.com/davidvorick/braids}}
}
@book{cormen2009introduction,
  title={Introduction to algorithms},
  author={Cormen, Thomas H},
  year={2009},
  publisher={MIT press}
}
@article{nakamoto2008bitcoin,
  title={Bitcoin: A peer-to-peer electronic cash system},
  author={Nakamoto, Satoshi},
  year={2008},
  note={Available at \url{https://bitcoin.org/bitcoin.pdf}}
}
@misc{coinmarketcapbtc,
  title={Bitcoin Market Capitalizations},
  author={CoinMarketCap},
  note={\url{http://coinmarketcap.com/currencies/bitcoin/}. Last accessed on July 14, 2017.},
}
@misc{coinmarketcap,
  title={Cryptocurrency Market Capitalizations},
  author={CoinMarketCap},
  note={\url{https://coinmarketcap.com/}. Last accessed on July 14, 2017.},
}
@misc{iotacoordinator,
  title={The Transparency Compendium},
  author={David Sønstebø},
  note={\url{https://blog.iota.org/the-transparency-compendium-26aa5bb8e260}. Last accessed on July 20, 2017.},
}
@misc{blockchaininfosize,
  title={Bitcoin Blockchain Size},
  author={Blockchain.info},
  note={\url{https://blockchain.info/charts/blocks-size}. Last accessed on July 14, 2017.},
}
@article{tangle2016,
  title={The tangle},
  author={Popov, Serguei and Labs, Jinn},
  year={2016},
  note={Available at \url{https://iota.org/IOTA_Whitepaper.pdf}.}
}
@inproceedings{gilbert2003security,
  title={Security analysis of SHA-256 and sisters},
  author={Gilbert, Henri and Handschuh, Helena},
  booktitle={International workshop on selected areas in cryptography},
  pages={175--193},
  year={2003},
  organization={Springer}
}
@article{bailey1954queueing,
  title={On queueing processes with bulk service},
  author={Bailey, Norman TJ},
  journal={Journal of the Royal Statistical Society. Series B (Methodological)},
  pages={80--87},
  year={1954},
  publisher={JSTOR}
}

@article{shah2009gossip,
  title={Gossip algorithms},
  author={Shah, Devavrat and others},
  journal={Foundations and Trends{\textregistered} in Networking},
  volume={3},
  number={1},
  pages={1--125},
  year={2009},
  publisher={Now Publishers, Inc.}
}

@inproceedings{decker2013information,
  title={Information propagation in the bitcoin network},
  author={Decker, Christian and Wattenhofer, Roger},
  booktitle={Peer-to-Peer Computing (P2P), 2013 IEEE Thirteenth International Conference on},
  pages={1--10},
  year={2013},
  organization={IEEE}
}

@article{karame2012two,
  title={Two Bitcoins at the Price of One? Double-Spending Attacks on Fast Payments in Bitcoin.},
  author={Karame, Ghassan and Androulaki, Elli and Capkun, Srdjan},
  journal={IACR Cryptology ePrint Archive},
  volume={2012},
  number={248},
  year={2012}
}

@misc{bitcoinstats,
  author={BitcoinStats},
  title={Data Propagation},
  year={2013-2017},
  note={\url{http://bitcoinstats.com/network/propagation/}}
}

@inproceedings{babaioff2012bitcoin,
  title={On bitcoin and red balloons},
  author={Babaioff, Moshe and Dobzinski, Shahar and Oren, Sigal and Zohar, Aviv},
  booktitle={Proceedings of the 13th ACM conference on electronic commerce},
  pages={56--73},
  year={2012},
  organization={ACM}
}
@techreport{debo2010prices,
  title={Prices and congestion as signals of quality},
  author={Debo, Laurens and Veeraraghavan, Senthil},
  year={2010},
  institution={Working paper, Chicago Booth School of Business, University of Chicago}
}

@inproceedings{dods2005hash,
  title={Hash based digital signature schemes},
  author={Dods, Chris and Smart, Nigel P and Stam, Martijn},
  booktitle={IMA International Conference on Cryptography and Coding},
  pages={96--115},
  year={2005},
  organization={Springer}
}
@misc{iotamultisign,
  author={Dominik Schiener},
  title={IOTA Multi-Signature Scheme},
  year={2017},
  note={\url{https://github.com/iotaledger/wiki/blob/master/multisigs.md}}
}
@article{heilman2017iota,
  title={Iota vulnerability report: Cryptanalysis of the curl hash function enabling practical signature forgery attacks on the iota cryptocurrency},
  author={Heilman, Ethan and Narula, Neha and Dryja, Thaddeus and Virza, Madars},
  year={2017},
  note={\url{https://github.com/mit-dci/tangled-curl/blob/master/vuln-iota.md}}
}
@misc{iotakerl,
  author={Alon Elmaliah},
  title={IOTA Kerl},
  year={2017},
  note={\url{https://github.com/iotaledger/kerl/blob/master/IOTA-Kerl-spec.md}}
}

@article{fleisch2010internet,
  title={What is the internet of things? An economic perspective.},
  author={Fleisch, Elgar},
  journal={Economics, Management \& Financial Markets},
  volume={5},
  number={2},
  year={2010}
}
